%YAML 1.1
%TAG !u! tag:unity3d.com,2011:
--- !u!1 &100000
GameObject:
  m_ObjectHideFlags: 0
  m_PrefabParentObject: {fileID: 0}
  m_PrefabInternal: {fileID: 100100000}
  serializedVersion: 4
  m_Component:
  - 4: {fileID: 400000}
  - 111: {fileID: 11100000}
  m_Layer: 0
  m_Name: Dorados
  m_TagString: Untagged
  m_Icon: {fileID: 0}
  m_NavMeshLayer: 0
  m_StaticEditorFlags: 0
  m_IsActive: 1
--- !u!1 &100002
GameObject:
  m_ObjectHideFlags: 1
  m_PrefabParentObject: {fileID: 0}
  m_PrefabInternal: {fileID: 100100000}
  serializedVersion: 4
  m_Component:
  - 4: {fileID: 400002}
  m_Layer: 0
  m_Name: CATRigTail4
  m_TagString: Untagged
  m_Icon: {fileID: 0}
  m_NavMeshLayer: 0
  m_StaticEditorFlags: 0
  m_IsActive: 1
--- !u!1 &100004
GameObject:
  m_ObjectHideFlags: 1
  m_PrefabParentObject: {fileID: 0}
  m_PrefabInternal: {fileID: 100100000}
  serializedVersion: 4
  m_Component:
  - 4: {fileID: 400004}
  m_Layer: 0
  m_Name: CATRigTail3
  m_TagString: Untagged
  m_Icon: {fileID: 0}
  m_NavMeshLayer: 0
  m_StaticEditorFlags: 0
  m_IsActive: 1
--- !u!1 &100006
GameObject:
  m_ObjectHideFlags: 1
  m_PrefabParentObject: {fileID: 0}
  m_PrefabInternal: {fileID: 100100000}
  serializedVersion: 4
  m_Component:
  - 4: {fileID: 400006}
  m_Layer: 0
  m_Name: CATRigTail2
  m_TagString: Untagged
  m_Icon: {fileID: 0}
  m_NavMeshLayer: 0
  m_StaticEditorFlags: 0
  m_IsActive: 1
--- !u!1 &100008
GameObject:
  m_ObjectHideFlags: 1
  m_PrefabParentObject: {fileID: 0}
  m_PrefabInternal: {fileID: 100100000}
  serializedVersion: 4
  m_Component:
  - 4: {fileID: 400008}
  m_Layer: 0
  m_Name: CATRigTail1
  m_TagString: Untagged
  m_Icon: {fileID: 0}
  m_NavMeshLayer: 0
  m_StaticEditorFlags: 0
  m_IsActive: 1
--- !u!1 &100010
GameObject:
  m_ObjectHideFlags: 0
  m_PrefabParentObject: {fileID: 0}
  m_PrefabInternal: {fileID: 100100000}
  serializedVersion: 4
  m_Component:
  - 4: {fileID: 400010}
  m_Layer: 0
  m_Name: CATRigHead
  m_TagString: Untagged
  m_Icon: {fileID: 0}
  m_NavMeshLayer: 0
  m_StaticEditorFlags: 0
  m_IsActive: 1
--- !u!1 &100012
GameObject:
  m_ObjectHideFlags: 0
  m_PrefabParentObject: {fileID: 0}
  m_PrefabInternal: {fileID: 100100000}
  serializedVersion: 4
  m_Component:
  - 4: {fileID: 400012}
  m_Layer: 0
  m_Name: Character001
  m_TagString: Untagged
  m_Icon: {fileID: 0}
  m_NavMeshLayer: 0
  m_StaticEditorFlags: 0
  m_IsActive: 1
--- !u!1 &100014
GameObject:
  m_ObjectHideFlags: 0
  m_PrefabParentObject: {fileID: 0}
  m_PrefabInternal: {fileID: 100100000}
  serializedVersion: 4
  m_Component:
  - 4: {fileID: 400014}
  - 137: {fileID: 13700000}
  m_Layer: 0
  m_Name: Dorados
  m_TagString: Untagged
  m_Icon: {fileID: 0}
  m_NavMeshLayer: 0
  m_StaticEditorFlags: 0
  m_IsActive: 1
--- !u!4 &400000
Transform:
  m_ObjectHideFlags: 1
  m_PrefabParentObject: {fileID: 0}
  m_PrefabInternal: {fileID: 100100000}
  m_GameObject: {fileID: 100000}
  m_LocalRotation: {x: 0, y: 0, z: 0, w: 1}
  m_LocalPosition: {x: 146.414322, y: -29.7920799, z: 88.6213913}
  m_LocalScale: {x: 1, y: 1, z: 1}
  m_Children:
  - {fileID: 400010}
  - {fileID: 400012}
  - {fileID: 400014}
  m_Father: {fileID: 0}
--- !u!4 &400002
Transform:
  m_ObjectHideFlags: 1
  m_PrefabParentObject: {fileID: 0}
  m_PrefabInternal: {fileID: 100100000}
  m_GameObject: {fileID: 100002}
  m_LocalRotation: {x: 4.50785826e-08, y: .205777124, z: 3.09785229e-08, w: .978598893}
  m_LocalPosition: {x: -.0675543845, y: 0, z: -2.38418574e-09}
  m_LocalScale: {x: 1.00000012, y: 1, z: 1.00000012}
  m_Children: []
  m_Father: {fileID: 400004}
--- !u!4 &400004
Transform:
  m_ObjectHideFlags: 1
  m_PrefabParentObject: {fileID: 0}
  m_PrefabInternal: {fileID: 100100000}
  m_GameObject: {fileID: 100004}
  m_LocalRotation: {x: 4.61023895e-08, y: .119703665, z: -1.77007404e-08, w: .992809653}
  m_LocalPosition: {x: -.0675543994, y: 1.49011609e-10, z: 8.94069652e-10}
  m_LocalScale: {x: 1, y: .99999994, z: 1}
  m_Children:
  - {fileID: 400002}
  m_Father: {fileID: 400006}
--- !u!4 &400006
Transform:
  m_ObjectHideFlags: 1
  m_PrefabParentObject: {fileID: 0}
  m_PrefabInternal: {fileID: 100100000}
  m_GameObject: {fileID: 100006}
  m_LocalRotation: {x: 1.4647652e-08, y: .0327190794, z: 5.48521184e-09, w: .999464631}
  m_LocalPosition: {x: -.0675543919, y: 0, z: 2.98023217e-10}
  m_LocalScale: {x: .999999881, y: .999999881, z: .999999881}
  m_Children:
  - {fileID: 400004}
  m_Father: {fileID: 400008}
--- !u!4 &400008
Transform:
  m_ObjectHideFlags: 1
  m_PrefabParentObject: {fileID: 0}
  m_PrefabInternal: {fileID: 100100000}
  m_GameObject: {fileID: 100008}
  m_LocalRotation: {x: 6.15476239e-08, y: .0327191092, z: -1.44218619e-08, w: .999464631}
  m_LocalPosition: {x: -0, y: 0, z: 0}
  m_LocalScale: {x: 1, y: .99999994, z: 1}
  m_Children:
  - {fileID: 400006}
  m_Father: {fileID: 400010}
--- !u!4 &400010
Transform:
  m_ObjectHideFlags: 1
  m_PrefabParentObject: {fileID: 0}
  m_PrefabInternal: {fileID: 100100000}
  m_GameObject: {fileID: 100010}
  m_LocalRotation: {x: 4.70784904e-08, y: -.707106829, z: 4.70784904e-08, w: .707106829}
  m_LocalPosition: {x: 2.16004989e-14, y: .00222762185, z: .0688546821}
  m_LocalScale: {x: 1, y: 1, z: 1}
  m_Children:
  - {fileID: 400008}
  m_Father: {fileID: 400000}
--- !u!4 &400012
Transform:
  m_ObjectHideFlags: 1
  m_PrefabParentObject: {fileID: 0}
  m_PrefabInternal: {fileID: 100100000}
  m_GameObject: {fileID: 100012}
  m_LocalRotation: {x: .50000006, y: -.50000006, z: -.49999997, w: .49999997}
  m_LocalPosition: {x: 0, y: 0, z: 0}
  m_LocalScale: {x: 1, y: 1, z: 1}
  m_Children: []
  m_Father: {fileID: 400000}
--- !u!4 &400014
Transform:
  m_ObjectHideFlags: 1
  m_PrefabParentObject: {fileID: 0}
  m_PrefabInternal: {fileID: 100100000}
  m_GameObject: {fileID: 100014}
  m_LocalRotation: {x: -.724491775, y: 0, z: 0, w: .689283431}
  m_LocalPosition: {x: -3.10710901e-09, y: -.00418026093, z: -.0710823685}
  m_LocalScale: {x: 3.12960649, y: 3.12960649, z: 3.12960672}
  m_Children: []
  m_Father: {fileID: 400000}
--- !u!111 &11100000
Animation:
  m_ObjectHideFlags: 1
  m_PrefabParentObject: {fileID: 0}
  m_PrefabInternal: {fileID: 100100000}
  m_GameObject: {fileID: 100000}
  m_Enabled: 1
  serializedVersion: 3
  m_Animation: {fileID: 7400002, guid: a87f747771dc53b4ca357a0f49d80a87, type: 3}
  m_Animations:
  - {fileID: 7400000, guid: d14305db5459e5f459faa3c7da3db120, type: 3}
  - {fileID: 7400002, guid: a87f747771dc53b4ca357a0f49d80a87, type: 3}
  m_WrapMode: 0
  m_PlayAutomatically: 1
  m_AnimatePhysics: 0
  m_CullingType: 1
--- !u!137 &13700000
SkinnedMeshRenderer:
  m_ObjectHideFlags: 1
  m_PrefabParentObject: {fileID: 0}
  m_PrefabInternal: {fileID: 100100000}
  m_GameObject: {fileID: 100014}
  m_Enabled: 1
  m_CastShadows: 1
  m_ReceiveShadows: 1
  m_LightmapIndex: 255
  m_LightmapTilingOffset: {x: 1, y: 1, z: 0, w: 0}
  m_Materials:
  - {fileID: 2100000, guid: 1a26bedbdbb5741448dc7ab867665505, type: 2}
  m_SubsetIndices: 
  m_StaticBatchRoot: {fileID: 0}
  m_UseLightProbes: 0
  m_LightProbeAnchor: {fileID: 0}
  m_ScaleInLightmap: 1
  m_SortingLayer: 0
  m_SortingOrder: 0
  m_SortingLayerID: 0
  serializedVersion: 2
  m_Quality: 0
  m_UpdateWhenOffscreen: 0
  m_Mesh: {fileID: 4300000, guid: d14305db5459e5f459faa3c7da3db120, type: 3}
  m_Bones:
  - {fileID: 400008}
  - {fileID: 400010}
  - {fileID: 400006}
  - {fileID: 400004}
  - {fileID: 400002}
  m_BlendShapeWeights: []
  m_RootBone: {fileID: 400010}
  m_AABB:
    m_Center: {x: -.113028854, y: -.0114196427, z: .0091884546}
    m_Extent: {x: .154934287, y: .0547532476, z: .0816437006}
  m_DirtyAABB: 0
--- !u!1001 &100100000
Prefab:
  m_ObjectHideFlags: 1
  serializedVersion: 2
  m_Modification:
    m_TransformParent: {fileID: 0}
    m_Modifications: []
    m_RemovedComponents: []
  m_ParentPrefab: {fileID: 0}
  m_RootGameObject: {fileID: 100000}
  m_IsPrefabParent: 1
  m_IsExploded: 1
